
  <record format="MARC21" type="Bibliographic">
    <leader>00000cam  2200385 a 4500</leader>
    <controlfield tag="001">u5278992</controlfield>
    <controlfield tag="003">SIRSI</controlfield>
    <controlfield tag="005">20110414115648.0</controlfield>
    <controlfield tag="008">101102s2010    ru            000 1 rus  </controlfield>
    <datafield ind2=" " ind1=" " tag="010">
      <subfield code="a">  2010522867</subfield>
    </datafield>
    <datafield ind2=" " ind1=" " tag="020">
      <subfield code="a">9785699456116</subfield>
    </datafield>
    <datafield ind2=" " ind1=" " tag="020">
      <subfield code="a">5699456112</subfield>
    </datafield>
    <datafield ind2=" " ind1=" " tag="035">
      <subfield code="a">(OCoLC)673667835</subfield>
    </datafield>
    <datafield ind2=" " ind1=" " tag="040">
      <subfield code="a">DLC</subfield>
      <subfield code="c">DLC</subfield>
      <subfield code="d">SXP</subfield>
      <subfield code="d">EVIEW</subfield>
      <subfield code="d">UEICP</subfield>
    </datafield>
    <datafield ind2=" " ind1=" " tag="042">
      <subfield code="a">pcc</subfield>
    </datafield>
    <datafield ind2="0" ind1="0" tag="050">
      <subfield code="a">PG3485.7.U225</subfield>
      <subfield code="b">S57 2010</subfield>
    </datafield>
    <datafield ind2=" " ind1=" " tag="066">
      <subfield code="c">(N</subfield>
    </datafield>
    <datafield ind2="4" ind1="0" tag="082">
      <subfield code="a">891.73/42</subfield>
      <subfield code="2">22</subfield>
    </datafield>
    <datafield ind2=" " ind1="1" tag="100">
      <subfield code="6">880-03</subfield>
      <subfield code="a">Rubina, Dina.</subfield>
    </datafield>
    <datafield ind2="0" ind1="1" tag="245">
      <subfield code="6">880-01</subfield>
      <subfield code="a">Sindrom Petrushki :</subfield>
      <subfield code="b">roman /</subfield>
      <subfield code="c">Dina Rubina.</subfield>
    </datafield>
    <datafield ind2=" " ind1=" " tag="260">
      <subfield code="6">880-02</subfield>
      <subfield code="a">Moskva :</subfield>
      <subfield code="b">Ėksmo,</subfield>
      <subfield code="c">2010.</subfield>
    </datafield>
    <datafield ind2=" " ind1=" " tag="260">
      <subfield code="6">880-04</subfield>
      <subfield code="a">Moskva :</subfield>
      <subfield code="b">ĖKSMO,</subfield>
      <subfield code="c">2010.</subfield>
    </datafield>
    <datafield ind2=" " ind1=" " tag="300">
      <subfield code="a">427 p. ;</subfield>
      <subfield code="c">21 cm.</subfield>
    </datafield>
    <datafield ind2="0" ind1=" " tag="650">
      <subfield code="a">Dolls</subfield>
      <subfield code="v">Fiction.</subfield>
    </datafield>
    <datafield ind2="0" ind1=" " tag="650">
      <subfield code="a">Conduct of life</subfield>
      <subfield code="v">Fiction.</subfield>
    </datafield>
    <datafield ind2="0" ind1=" " tag="650">
      <subfield code="a">Suspense fiction.</subfield>
    </datafield>
    <datafield ind2="0" ind1=" " tag="650">
      <subfield code="a">Psychological fiction.</subfield>
    </datafield>
    <datafield ind2=" " ind1="1" tag="880">
      <subfield code="6">100-03/(N</subfield>
      <subfield code="a">Рубина, Дина.</subfield>
    </datafield>
    <datafield ind2="0" ind1="1" tag="880">
      <subfield code="6">245-01/(N</subfield>
      <subfield code="a">Синдром Петрушки :</subfield>
      <subfield code="b">роман /</subfield>
      <subfield code="c">Дина РубинА</subfield>
    </datafield>
    <datafield ind2=" " ind1=" " tag="880">
      <subfield code="6">260-02/(N</subfield>
      <subfield code="a">Москва :</subfield>
      <subfield code="b">ЭКсмо,</subfield>
      <subfield code="c">2010.</subfield>
    </datafield>
    <datafield ind2=" " ind1=" " tag="880">
      <subfield code="6">260-04/(N</subfield>
      <subfield code="a">Москва :</subfield>
      <subfield code="b">ЭКСМО,</subfield>
      <subfield code="c">2010.</subfield>
    </datafield>
    <datafield ind2=" " ind1=" " tag="994">
      <subfield code="a">Z0</subfield>
      <subfield code="b">VA@</subfield>
    </datafield>
    <datafield ind2=" " ind1=" " tag="970">
      <subfield code="a">Marcive</subfield>
    </datafield>
    <datafield ind2=" " ind1=" " tag="596">
      <subfield code="a">2</subfield>
    </datafield>
    <datafield ind2=" " ind1=" " tag="999">
      <subfield code="a">PG3485.7 .U225 S57 2010</subfield>
      <subfield code="w">LC</subfield>
      <subfield code="c">1</subfield>
      <subfield code="i">X030813180</subfield>
      <subfield code="d">5/30/2013</subfield>
      <subfield code="e">5/9/2013</subfield>
      <subfield code="l">STACKS</subfield>
      <subfield code="m">ALDERMAN</subfield>
      <subfield code="n">3</subfield>
      <subfield code="r">Y</subfield>
      <subfield code="s">Y</subfield>
      <subfield code="t">BOOK</subfield>
      <subfield code="u">1/25/2011</subfield>
      <subfield code="x">DLC</subfield>
    </datafield>
  </record>
</collection>